@online{lucapaper,
Author = {Mihai Cucuringu and Huan Li and He Sun and Luca Zanetti},
Title = {Hermitian matrices for clustering directed graphs: insights and applications},
Year = {2019},
Eprint = {1908.02096},
Eprinttype = {arXiv},
}
 
@online{disimpaper,
Author = {Karl Rohe and Tai Qin and Bin Yu},
Title = {Co-clustering for directed graphs: the Stochastic co-Blockmodel and spectral algorithm Di-Sim},
Year = {2012},
Eprint = {1204.2296},
Eprinttype = {arXiv},
}

@article{daviskahan,
  doi = {10.1137/0707001},
  url = {https://doi.org/10.1137/0707001},
  year = {1970},
  month = mar,
  publisher = {Society for Industrial {\&} Applied Mathematics ({SIAM})},
  volume = {7},
  number = {1},
  pages = {1--46},
  author = {Chandler Davis and W. M. Kahan},
  title = {The Rotation of Eigenvectors by a Perturbation. {III}},
  journal = {{SIAM} Journal on Numerical Analysis}
}

@online{rohereg,
Author = {Yilin Zhang and Karl Rohe},
Title = {Understanding Regularized Spectral Clustering via Graph Conductance},
Year = {2018},
Eprint = {1806.01468},
Eprinttype = {arXiv},
}

@online{binyureg,
Author = {Antony Joseph and Bin Yu},
Title = {Impact of regularization on Spectral Clustering},
Year = {2013},
Eprint = {1312.1733},
Eprinttype = {arXiv},
}

@article{price,
  added-at = {2015-11-13T17:12:31.000+0100},
  adsnote = {Provided by the SAO/NASA Astrophysics Data System},
  adsurl = {http://adsabs.harvard.edu/abs/1965Sci...149..510D},
  author = {de Solla Price, D. J.},
  biburl = {https://www.bibsonomy.org/bibtex/2ae3e07453bbecd22caff944137cc5674/backpatcher},
  description = {Networks of Scientific Papers},
  doi = {10.1126/science.149.3683.510},
  interhash = {2d0a7606390a113ec64095297417dc39},
  intrahash = {ae3e07453bbecd22caff944137cc5674},
  journal = {Science},
  keywords = {description network publications ranking scientific},
  month = jul,
  pages = {510-515},
  timestamp = {2015-11-13T19:03:04.000+0100},
  title = {Networks of Scientific Papers},
  volume = 149,
  year = 1965
}


